@misc{townsend_2014, title={Introduction to Bluetooth Low Energy}, url={https://learn.adafruit.com/introduction-to-bluetooth-low-energy/gap}, journal={Adafruit Learning System}, author={Townsend, Kevin}, year={2014}, month={3}}
@article{lorapaper, title={Understanding the Limits of LoRaWAN}, volume={55}, DOI={10.1109/mcom.2017.1600613}, number={9}, journal={IEEE Communications Magazine}, author={Adelantado, Ferran and Vilajosana, Xavier and Tuset-Peiro, Pere and Martinez, Borja and Melia-Segui, Joan and Watteyne, Thomas}, year={2017}, month={1}, pages={34â€“40}}
@INPROCEEDINGS{8217061,
	author={O. {Khutsoane} and B. {Isong} and A. M. {Abu-Mahfouz}},
	booktitle={IECON 2017 - 43rd Annual Conference of the IEEE Industrial Electronics Society},
	title={IoT devices and applications based on LoRa/LoRaWAN},
	year={2017},
	volume={},
	number={},
	pages={6107-6112},
	keywords={Internet of Things;wide area networks;Low-Power Wide Area Networks technologies;IoT devices;viable communication technology;long-range links;LoRa/LoRaWAN;human-centric services;smart water management systems;high energy-efficient sensor nodes;Wireless sensor networks;Protocols;Wireless communication;Payloads;Wireless fidelity;Logic gates;Internet;IoT;LPWAN;LoRa;LoRaWAN;wireless sensor network},
	doi={10.1109/IECON.2017.8217061},
	ISSN={null},
	month={10},}